
@Book{ALOI89,
	author="John Aloimonos and D. Shulman",
	title="Integration of Visual Modules",
	year=1989,
	publisher="Academic Press",
	address="New York"}

@Article{BRAU68,
	author="Myron L. Braunstein",
	title="Motion and texture as sources of slant information",
	journal="Journal of Experimental Psychology",
	volume=78,
	pages="247--253",
	year=1968}

@incollection{BERG91,
	author = "James R. Bergen and Michael S. Landy",
	title="Computational modeling of visual texture segregation",
	editor="Michael S. Landy and J. Anthony Movshon",
	booktitle="Computational Models of Visual Processing",
	pages="253--271",
	year=1991,
	address="Cambridge, MA",
	publisher="MIT Press"}

@Article{DOSH89B,
	author = "Barbara A. Dosher and Michael S. Landy and George Sperling",
	title = "Ratings of kinetic depth in multi-dot displays",
	journal = "Journal of Experimental Psychology: Human Perception and Performance",
	volume=15,
	pages="816--825",
	year=1989}

@Article{DOSH89A,
	author = "Barbara A. Dosher and Michael S. Landy and George Sperling",
	title="The kinetic depth effect and optic flow --- {I}. {3D} shape from Fourier motion",
	journal="Vision Research",
	volume=29,
	pages="1789--1813",
	year=1989}

@Article{DOSH89C,
	author = "Barbara A. Dosher and George Sperling and Michael S. Landy",
	title="The kinetic depth --- {A} nonexistent article",
	journal="Vision Research",
	volume=29,
	pages="100--113",
	year=1989}

@Article{DOSH90,
	author = "Barbara A. Dosher and George Sperling and Michael S. Landy",
	title="The kinetic depth --- {A}nother nonexistent article",
	journal="Vision Research",
	volume=29,
	pages="100--113",
	year=1990}

