@Misc{   makedtx,
  author = "Nicola Talbot",
  title = "{makedtx : a Perl script to help create a DTX file from
  source code}",
  url = "http://www.ctan.org/tex-archive/support/makedtx/",
  urldate = {2007-09-02},
  year = "2005"
}

@Misc{   opcit,
  author = "Federico Garcia",
  title = "{opcit (version 2.0) a package for footnote-style
  bibliographical references}",
  url = "http://www.ctan.org/tex-archive/macros/latex/contrib/opcit/"
  ,
  urldate = {2007-09-02},
  year = "2006"
}

@Misc{   biblatex,
  author = "Philipp Lehman",
  title = "{The biblatex package}",
  url = "http://www.ctan.org/tex-archive/macros/latex/exptl/biblatex/"
  ,
  urldate = {2007-09-02},
  year = "2006"
}

@Misc{   agrip,
  author = "Matthew Tylee Atkinson and Sabahattin Gucukoglu",
  title = "{Accessible Gaming Rendering Independence Possible}",
  url = "http://www.agrip.org.uk/",
  month = "05",
  year = "2003"
}

@InProceedings{   dhiensa2005,
  author = "Jatinder Dhiensa and Colin Machin and Francesca Smith and
  Roger Stone",
  title = "Optimizing the User Environment: Leading Towards an
  Accessible and Usable Experience",
  booktitle = "Accessible Design in the Digital World Conference 2005",
  year = "2005",
  issn = "1477-9358",
  location = "Dundee, Scotland",
  pdf = "paper3.pdf"
}

@InProceedings{   stone2004,
  author = "R. G. Stone and J. Dhiensa",
  title = "Proving the validity and accessibility of dynamic
  web-pages",
  booktitle = "W4A '04: Proceedings of the 2004 international
  cross-disciplinary workshop on Web accessibility (W4A)",
  year = "2004",
  pages = "45--49",
  address = "New York, NY, USA",
  publisher = "ACM Press",
  doi = "http://doi.acm.org/10.1145/990657.990665",
  isbn = "1-58113-903-9",
  pdf = "p45-stone.pdf"
}
