% This file was created with JabRef 2.9.2.
% Encoding: UTF8

@BOOK{fauskes1,
  title = {PGF and Ti{\textit{k}}{Z} examples gallery},
  publisher = {\texttt{http://www.texample.net/tikz/examples/}},
  year = {2013},
  author = {Fauskes, Kjell Magne AND Kottwitz, Stefan}
}

@BOOK{fauskes2,
  title = {PGF and Ti{\textit{k}}{Z} resources},
  publisher = {\texttt{http://www.texample.net/tikz/resources/}},
  year = {2013},
  author = {Fauskes, Kjell Magne AND Kottwitz, Stefan}
}

@BOOK{tlgc2,
  title = {The {\LaTeX} {G}raphics {C}ompanion},
  publisher = {{Addison-Wesley Publishing Company}},
  year = {2007},
  author = {Goosens, Michel and Mittelbach, Frank and Rahtz, Sebastian and Roegel,
	Denis and Vo{\ss}, Herbert},
  address = {Reading, Mass.},
  edition = second
}

@BOOK{matthes,
  title = {Ti{\textit{k}}{Z}/PGF},
  publisher = {\texttt{http://www.altermundus.fr/pages/pdflatex/tikz.html}},
  year = {2013},
  author = {Alain Matthes}
}

@BOOK{mertz,
  title = {Graphics with PGF and T{\textit{k}}{Z}},
  publisher = {\texttt{http://www.tug.org/pracjourn/2007-1/mertz/}},
  year = {2007},
  author = {Mertz, Andrew and Slough, William},
  journal = {The Prac{\TeX} {J}ournal}
}

@BOOK{tikz,
  title = {Ti{\textit{k}}{Z} and {PGF}. {M}anual for version 2.10},
  publisher = {\texttt{http://sourceforge.net/projects/pgf}},
  year = {2013},
  author = {Tantau, Till}
}

@BOOK{tikz2,
  title = {PGF and Ti{\textit{k}}{Z} -- Graphic systems for TeX},
  publisher = {\texttt{http://sourceforge.net/projects/pgf}},
  year = {2013},
  author = {Tantau, Till}
}

