@book{Simon1689,
	Address = {Rotterdam},
	Author = {Richard Simon},
	Publisher = {Reinier Leers},
	Title = {Histoire critique du texte du Nouveau Testament, Où l'on établit la Verité des Actes sur lesquels la Religion Chrétienne est fondée},
	Year = {1689}}

@book{Preau1583,
	Address = {Paris},
	Author = {Gabriel du Preau},
	Pagination = {folio},
	Publisher = {Jacques Keruer},
	Title = {Histoire de l'Estat et succes de l'Eglise dressee en forme de chronique generalle et universelle},
	Volume = {1},
	Year = {1583}}
