%%
%% This is file `powerdot.bib',
%% generated with the docstrip utility.
%%
%% The original source files were:
%%
%% powerdot.dtx  (with options: `bib')
%% 
%% ---------------------------------------------------------------
%% Copyright (C) 2005-2014 Hendri Adriaens
%% ---------------------------------------------------------------
%%
%% This work may be distributed and/or modified under the
%% conditions of the LaTeX Project Public License, either version 1.3
%% of this license or (at your option) any later version.
%% The latest version of this license is in
%%   http://www.latex-project.org/lppl.txt
%% and version 1.3 or later is part of all distributions of LaTeX
%% version 2003/12/01 or later.
%%
%% This work has the LPPL maintenance status "maintained".
%%
%% This Current Maintainer of this work is Hendri Adriaens.
%%
%% This work consists of all files listed in manifest.txt.
%%
@book{companion,
  author       = {Frank Mittelbach and Michel Goossens},
  title        = {The {\LaTeX} Companion},
  edition      = 2,
  note         = {With Johannes Braams, David Carlisle, and Chris Rowley},
  series       = {Tools and Techniques for Computer Typesetting},
  publisher    = {Addison-Wesley},
  address      = {Boston, Massachusetts},
  year         = 2004,
  pagenums     = {1120},
  bibliography = {yes},
  index        = {yes},
  isbn         = {0-201-36299-6}
}

@MISC{PSTricks,
  author       = {{Timothy Van} {Zandt et al.}},
  title        = {\pf{PSTricks} package, v1.07, 2005/05/06},
  howpublished = {\url{CTAN:/graphics/pstricks}}
}

@MISC{PSTricksWeb,
  author       = {Herbert Vo\ss},
  title        = {\pf{PSTricks} website},
  howpublished = {\url{http://pstricks.tug.org}}
}

@MISC{xkeyval,
  author       = {Hendri Adriaens},
  title        = {\pf{xkeyval} package},
  howpublished = {\url{CTAN:/macros/latex/contrib/xkeyval}}
}

@MISC{extsizes,
  author       = {James Kilfiger and Wolfgang May},
  title        = {\pf{extsizes} bundle},
  howpublished = {\url{CTAN:/macros/latex/contrib/extsizes}}
}

@MISC{prosper,
  author       = {Fr\'ed\'eric Goualard and Peter M\o ller Neergaard},
  title        = {\pf{prosper} class},
  howpublished = {\url{CTAN:/macros/latex/contrib/prosper}}
}

@MISC{HA-prosper,
  author       = {Hendri Adriaens},
  title        = {\pf{HA-prosper} package},
  howpublished = {\url{CTAN:/macros/latex/contrib/HA-prosper}}
}

@MISC{enumitem,
  author       = {Javier Bezos},
  title        = {\pf{enumitem} package},
  howpublished = {\url{CTAN:/macros/latex/contrib/enumitem}}
}

@MISC{hyperref,
  author       = {Sebastian Rahtz and Heiko Overdiek},
  title        = {\pf{hyperref} package},
  howpublished = {\url{CTAN:/macros/latex/contrib/hyperref}}
}

@MISC{natbib,
  author       = {Patrick W. Daly},
  title        = {\pf{natbib} package},
  howpublished = {\url{CTAN:/macros/latex/contrib/natbib}}
}

@MISC{geometry,
  author       = {Hideo Umeki},
  title        = {\pf{geometry} package},
  howpublished = {\url{CTAN:/macros/latex/contrib/geometry}}
}

@MISC{xcolor,
  author       = {Uwe Kern},
  title        = {\pf{xcolor} package},
  howpublished = {\url{CTAN:/macros/latex/contrib/xcolor}}
}

@MISC{graphics,
  author       = {David Carlisle},
  title        = {\pf{graphics} bundle},
  howpublished = {\url{CTAN:/macros/latex/required/graphics}}
}

@MISC{random,
  author       = {Donald Arseneau},
  title        = {\texttt{random.tex}},
  howpublished = {\url{CTAN:/macros/generic/misc}}
}

@MISC{CTAN,
  author       = {CTAN crew},
  title        = {{The Comprehensive TeX Archive Network}},
  howpublished = {\url{http://www.ctan.org}}
}

@MISC{LyXWeb,
  author       = {{\LyX\ crew}},
  title        = {{\LyX\ website}},
  howpublished = {\url{http://www.lyx.org}}
}

@MISC{javascript,
  author       = {Adobe Solutions Network},
  title        = {{Acrobat JavaScript Scripting Reference}},
  howpublished = {\url{http://partners.adobe.com/public/developer/en/acrobat/sdk/pdf/javascript/AcroJS.pdf}}
}
\endinput
%%
%% End of file `powerdot.bib'.
