% This file was created with JabRef 2.6.
% Encoding: ISO8859_15

@BOOK{demmig2004,
  author = {Thomas Demmig},
  title = {Jetzt lerne ich \LaTeX{}2$_\epsilon$},
  year = {2004},
  publisher = {Pearson Education},
  url = {ftp://ftp.ctan.org/tex-archive/digests/dtk/book_reviews/dtk_jetztlerne.pdf}
}

@ARTICLE{Ehrenfeld2011iwhdp,
  author = {Wilfried Ehrenfeld},
  title = {Die Dokumentenklasse iwhdp},
  journal = {Die TeXnische Komödie},
  year = {2011},
  volume = {23},
  number = {2},
  pages = {48--54},
  keywords = {wed},
  owner = {wed},
  timestamp = {2011-07-01},
  url = {http://www.iwh-halle.de/asp/pubdetails.asp?Lang=d&ID=3762&ACTION=Details}
}

@ARTICLE{Ehrenfeld2010LaTeX,
  author = {Wilfried Ehrenfeld},
  title = {Die \LaTeX -Vorlage für IWH-Diskussionspapiere},
  journal = {Die TeXnische Komödie},
  year = {2010},
  volume = {22},
  number = {2},
  pages = {43--47},
  keywords = {wed},
  owner = {wed},
  timestamp = {2011-03-09},
  url = {http://www.iwh-halle.de/asp/pubdetails.asp?Lang=d&ID=3373&ACTION=Details}
}

@ARTICLE{Hagen1,
  author = {Manuela Jürgens},
  title = {\LaTeX{} - eine Enführung und ein bißchen mehr ...},
  url = {http://www.fernuni-hagen.de/imperia/md/content/zmi_2010/a026_latex_einf.pdf},
  year = {2013},
  owner = {wed},
  timestamp = {2014-06-19}
}

@ARTICLE{Hagen2,
  author = {Manuela Jürgens},
  title = {\LaTeX{} - Fortgeschrittene Anwendungen},
  url = {http://www.fernuni-hagen.de/imperia/md/content/zmi_2010/a027_latex_fort.pdf},
  year = {2011},
  owner = {wed},
  timestamp = {2014-06-19}
}

@BOOK{schlager2005,
  author = {Petra Schlager and Manfred Thibud},
  title = {Wissenschaftlich mit \LaTeX{} arbeiten},
  year = {2005},
  publisher = {Pearson Studium}
}

