@misc{mvd1,
author = {Van Dongen, Marc and Merciadri, Luca},
title = {{Turn the Page, comp.text.tex}},
year = 2011,
}
@misc{ps,
author = {Stephani, Philipp and Merciadri, Luca},
title = {{New on CTAN: turnthepage}},
year = 2010,
}
