,-------------------.
|  BIBTEX ENTRIES   |
`-------------------'

@manual{Kinch98:Belleek,
  author =        {Richard Kinch},
  month =         {August},
  note =          {\url{http://www.ctan.org/tex-archive/fonts/belleek/}},
  title =         {Free replacement for basic {MathTime} fonts},
  year =          {1998},
}

@manual{fontname,
  author =        {Karl Berry},
  month =         {September},
  note =
  {\url{http://www.ctan.tug.org/tex-archive/info/fontname}},
  title =         {Fontname. Filenames For {\TeX} Fonts},
  year =          {2005},
}

@manual{fontinstallationguide,
  author =        {Philipp Lehman},
  month =         {December},
  note =
  {\url{http://www.ctan.org/tex-archive/info/Type1fonts/fontinstallationguide}%
},
  title =         {The Font Installation Guide},
  year =          {2004},
}

@book{Hoenig98:TeXUnbound,
  author =        {Alan Hoenig},
  publisher =     {Oxford University Press, USA},
  title =         {{\TeX} Unbound: {\LaTeX} and {\TeX} Strategies for
                   Fonts, Graphics, and More},
  year =          {1998},
}

@manual{Schmidt04:PSNFSS9.2,
  author =        {Walter Schmidt},
  month =         {September},
  note =
  {\url{http://ctan.tug.org/tex-archive/macros/latex/required/psnfss}},
  title =         {Using Common {P}ost{S}cript Fonts With {\LaTeX}.
                   {PSNFSS} Version 9.2},
  year =          {2004},
}

@manual{Downes04:amsart,
  author =        {Michael Downes and Barbara Beeton},
  month =         {August},
  note =
  {\url{http://www.ctan.org/tex-archive/macros/latex/required/amslatex/classes%
}},
  organization =  {American Mathematical Society},
  title =         {The \textsf{amsart}, \textsf{amsproc}, and
                   \textsf{amsbook} document~classes},
  year =          {2004},
}


@Manual{Pichaureau05:MathDesign,
  title = 	 {The {M}ath {D}esign Fonts},
  author = 	 {Paul Pichaureau},
  month = 	 {April},
  year = 	 2005,
  note = 	 {\url{http://www.ctan.org/tex-archive/fonts/mathdesign/}}
}

@Manual{Hoenig98:MathInst,
  title = 	 {The MathInst Package (version 1.0): New Math Fonts for 
                  {\TeX}},
  author =	 {Alan Hoenig},
  month =	 {August},
  year =	 1998,
  note =	 {\url{http://mirrors.ctan.org/fonts//utilities/mathinst/}}
}

@Book{Eijkhout07:TeXbyTopic,
  author = 	 {Victor Eijkhout},
  title = 	 {{\TeX} by Topic},
  publisher = 	 {Lulu},
  year = 	 2007,
  note = 	 {\url{http://eijkhout.net/texbytopic/texbytopic.html}}}
