@book{barbe-ledoux,
    AUTHOR = {Barbe, Ph. and Ledoux, M.},
     TITLE = {Probabilit{\'e}s},
      YEAR = {1998},
     PAGES = {262},
 PUBLISHER = {Belin},
    SERIES = {De la licence {\`a} l'agr{\'e}gation},
      ISBN = {2-7011-2131-0}
}

@book{dacunha-castelle-duflo,
    AUTHOR = {Dacunha-Castelle, D. and Duflo, M.},
     TITLE = {Probabilit{\'e}s et statistiques. {T}ome 1},
      NOTE = {Probl{\`e}mes {\`a} temps fixe.},
 PUBLISHER = {Masson},
   ADDRESS = {Paris},
      YEAR = {1982},
     PAGES = {xii+214},
      ISBN = {2-225-74547-1},
}

@Book{bouleau,
    AUTHOR = {Bouleau, N.},
     TITLE = {Probabilit{\'e}s de l'ing{\'e}nieur, 
	      variables al{\'e}atoires et simulation},
 PUBLISHER = {Hermann},
      YEAR = {1986}
}

@Incollection{ycart,
    AUTHOR = {Ycart, B.},
     TITLE = {{M}od\`eles et {A}lgorithmes {M}arkoviens},
 PUBLISHER = {Springer},
    EDITOR = {{S}oci\'et\'e de {M}ath\'ematiques 
	      {A}ppliqu\'ee et {I}ndustrielles},
      YEAR = {2002},
    SERIES = {Math\'ematiques et {A}pplications},
    VOLUME = {39}
}
