,-------------------.
|  BIBTEX ENTRIES   |
`-------------------'

@manual{Jeffrey04:Fontinst,
  author =        {Alan Jeffrey and Rowland McDonnell and
                   Lars Hellstr\"{o}om},
  month =         {December},
  note =              {\url{http://mirrors.ctan.org/fonts/utilities/fontinst}},
  title =         {\textsf{Fontinst.} Font Installation Software for
                   {\TeX}},
  year =          {2004},
}

@manual{Clsguide,
  note =
  {\url{http://mirrors.ctan.org/macros/latex/doc/clsguide.pdf}},
  organization =  {{\LaTeX3} Project},
  title =         {{\LaTeXe} For Class and Package Writers},
  year =          {2006},
}

@book{Gill:Typography,
  address =       {Boston},
  author =        {Eric Gill},
  publisher =     {David R. Godine},
  title =         {An Essay on Typography. With a new introduction by
                   Cristopher Skelton},
  year =          {2007},
}

@book{Hoenig98:TeXUnbound,
  author =        {Alan Hoenig},
  publisher =     {Oxford University Press, USA},
  title =         {{\TeX} Unbound: {\LaTeX} and {\TeX} Strategies for
                   Fonts, Graphics, and More},
  year =          {1998},
}

@manual{fontname,
  author =        {Karl Berry},
  month =         {September},
  note =          {\url{http://mirrors.ctan.org/info/fontname}},
  title =         {Fontname. Filenames For {\TeX} Fonts},
  year =          {2005},
}

@manual{fontinstallationguide,
  author =        {Philipp Lehman},
  month =         {December},
  note =
  {\url{http://mirrors.ctan.org/info/Type1fonts/fontinstallationguide}},
  title =         {The Font Installation Guide},
  year =          {2004},
}

