% This file was created with JabRef 2.9.2.
% Encoding: Cp1252

@MISC{examdesign,
  author = {Jason Alexander},
  title = {The package \pkgname{examdesign}},
  howpublished = {\url{CTAN:/tex-archive/macros/latex/contrib/examdesign}},
  year = {2006}
}

@MISC{random,
  author = {Donald Arseneau},
  title = {The package \pkgname{random}},
  howpublished = {\url{CTAN:/macros/generic/misc/random.tex}}
}

@MISC{fp,
  author = {Michael Mehlich},
  title = {The package \pkgname{fp}},
  howpublished = {\url{CTAN:/macros/latex/contrib/fp}},
  year = {1999}
}

@ARTICLE{esami,
  author = {Grazia Messineo and Salvatore Vassallo},
  title = {Il pacchetto \pkgname{esami} per la creazione di prove scritte},
  journal = {ArsTeXnica},
  year = {2012},
  volume = {14},
  pages = {95-103}
}

@MISC{acrotex,
  author = {D. P. Story},
  title = {Exerquiz \& \protect{Acro\TeX}},
  howpublished = {http://www.acrotex.net/},
  year = {2012},
  url = {http://www.acrotex.net/}
}

@MISC{rangen,
  author = {D. P. Story},
  title = {The package \pkgname{rangen}},
  howpublished = {\url{http://www.math.uakron.edu/~dpstory/rangen.html}},
  year = {2009},
  url = {http://www.math.uakron.edu/~dpstory/rangen.html}
}

@MISC{probsoln,
  author = {Nicola L.C. Talbot},
  title = {The package \pkgname{probsoln}},
  howpublished = {\url{CTAN:macros/latex/contrib/probsoln}},
  year = {2011}
}

