%%%%%%%%%%%%%%%%%%%%%%%%%%%%%%%%%%%%%%%%%%%%%%%%%%%%%%%%%%%%%%%%%%%%%%%%%%%%%%%
%%% $Id: productbox.bib,v 0.00 2010/12/26 22:09:16 gene Exp $
%%%%%%%%%%%%%%%%%%%%%%%%%%%%%%%%%%%%%%%%%%%%%%%%%%%%%%%%%%%%%%%%%%%%%%%%%%%%%%%

@Manual{tikz-manual,
  title = 	 {Ti{\it k}Z \& PGF: Manual for Version 2.0},
  author =	 {Till Tantau},
  year =	 2008,
  month =	 feb,
  note =	 {\texttt{http://sourceforge.net/projects/pgf}}
}

@Manual{geormetry-manual,
  title = 	 {The {\tt geometry} package},
  author =	 {Hideo Umeki},
  year =	 2007,
  month =	 jul,
  note =	 {}
}
