%%
%% This is file `example.bib',
%% generated with the docstrip utility.
%%
%% The original source files were:
%%
%% adrconv.dtx  (with options: `bib,example')
%% Copyright 2006, 2010 Axel Kielhorn
%% 
%% This file will generate fast loadable files from adrconv.dtx when
%% run through LaTeX or TeX.
%% 
%% This work may be distributed and/or modified under the
%% conditions of the LaTeX Project Public License, either version 1.3
%% of this license or (at your option) any later version.
%% The latest version of this license is in
%%   http://www.latex-project.org/lppl.txt
%% and version 1.3 or later is part of all distributions of LaTeX
%% version 2003/12/01 or later.
%% 
%% This file is part of the adrconv bundle.
%% 
%% The adrconv bundle consists at least of the files adrconv.dtx,
%% adrconv.ins and adrguide.tex.
%% 
%% adrguide.dtx
%% Copyright 2006, 2010 Axel Kielhorn

@address{VornameNachname,
   name =         {Vorname Nachname},
   street =       {Strasse},
   zip =          {PLZ},
   city =         {Ort},
   phone =        {Telefon},
   email =        {E-mail@domain},
   mobile =       {Mobil},
   birthday =     {Geburtstag},
   note =         {Notiz},
   organization = {Organisation},
   key =          {Key},
   nbirthday =    {0101},
}

@address{mustermann,
   name =    {Hans Mustermann},
   city =    {Heimstatt},
   zip =     01234,
   country = {D -},
   street =  {Einbahnstra{\ss}e 1},
   phone =   {01234 / 5 67 89},
   fax =     {01234 / 5 67 89},
   email =   {hm@work.com},
   note =    {Alles nur Erfindung},
}
@address{AxelK,
   name =      {Axel Kielhorn},
   city =      {Verden},
   zip =       27283,
   street =    {Lange Stra{\ss}e 17},
   phone =     {04231 / 12 34 56},
   fax =       {04231 / 65 34 21},
   email =     {a.kielhorn@web.de},
   key =       {Aki},
   note =      {Author of the modified addressen.bst},
   birthday =  {16.05.1967},
   nbirthday = 0516,
}
@address{RalfK,
   name =      {Ralf Kielhorn},
   city =      {Braunschweig},
   zip =       38116,
   street =    {Gro{\ss}e Stra{\ss}e 17},
   phone =     {0531 / 12 34 56},
   key =       {Rki},
   birthday =  {05.08.1969},
   nbirthday = 0805,
}
@address{SabineK,
   name =      {Sabine Kielhorn},
   city =      {Oldenburg},
   zip =       26133,
   street =    {Fraunhoferstra{\ss}e 21},
   phone =     {0441 / 12 34 56},
   key =       {Ski},
   birthday =  {13.11.1970},
   nbirthday = 1113,
}
@address{OEKZ,
   name =        {{{"O}kologisches Zentrum~e.\,V.}},
   sortas =      {Okologisches Zentrum},
   organization = {Verband der Vereine},
   city =        {Heimstatt},
   zip =         01234,
   country =     {Germany},
   street =      {Mauerstra{\ss}e 1},
   phone =       {01234 / 5 67 89},
   fax =         {01234 / 5 67 89},
   email =       {hm@work.com},
   key =         {OEKZ},
}
@address{DANTE,
  name      = {{DANTE~e.\,V.}},
  sortas    = {Dante},
  street    = {Postfach 10 18 40},
  zip       = {69008},
  city      = {Heidelberg},
  phone     = {0 62 21 / 2 97 66},
  fax       = {0 62 21 / 16 79 06},
  email     = {dante@dante.de},
  url       = {http://www.dante.de},
  key       = {DANTE},
  birthday  = {14. April 1989},
  nbirthday = {0414}
  }

