@MISC{minitoc,
   TITLE="The {\textsf{minitoc}} package",
   AUTHOR="Drucbert, Jean-Pierre F.",
   ADDRESS="{\url{mailto:drucbert@onera.fr}}",
   NOTE="{\url{http://www.dante.de/CTAN/macros/latex/contrib/minitoc/minitoc.pdf}}",
   MONTH=jul,
   YEAR=2008}

@MISC{minitoc-fr,
   TITLE="Le paquetage {\textsf{minitoc}}",
   AUTHOR="Drucbert, Jean-Pierre F.",
   ADDRESS="{\url{mailto:drucbert@onera.fr}}",
   NOTE="{\url{http://www.dante.de/CTAN/macros/latex/contrib/minitoc/minitoc-fr.pdf}}",
   MONTH=jul,
   YEAR=2008}

@MISC{shorttoc,
   TITLE="The {\textsf{shorttoc}} package",
   AUTHOR="Drucbert, Jean-Pierre F.",
   ADDRESS="{\url{mailto:drucbert@onera.fr}}",
   NOTE="{\url{http://www.dante.de/CTAN/macros/latex/contrib/shorttoc/shorttoc.pdf}}",
   MONTH=aug,
   YEAR=2002}

@BOOK{dark,
   TITLE="{Against a Dark Background}",
   AUTHOR="Banks, Iain Menzies",
   PUBLISHER="Bantam Books",
   ISBN="0553292240 (pb)",
   YEAR=1993}
