@Book{voss:2008,
  author	= {Herbert Vo{\ss}},
  title		= {{PSTricks} --  {G}rafik f\"ur {\TeX} und {\LaTeX}},
  edition	= {5.},
  publisher	= {DANTE -- Lob.media},
  year		= {2008},
  address	= {Heidelberg/""Hamburg}
}

@Manual{pakin:2008,
  Title          = {The Comprehensive {\LaTeX} Symbol list},
  Author         = {Pakin, Scott},
  Organization   = {CTAN},
  annote        = {\ctanurl{/info/symbols/comprehensive/symbol-a4.pdf}},
  Note           = {},
  year           = {2008},
}

@ctan{europecv,
  author = {N.~Vitacolonna},
  title = {europecv: an unofficial class for European curricula},
  ctanurl = {macros/latex/contrib/europecv/},
  year = 2006,
  urldate = {2012-08-14},
}

@online{ep1,
  author = {Bundesinstitut f√ºr Berufsbildung},
  title = {europass Deutschland},
  url = {http://www.europass-info.de},
  urldate = {2012-01-21}
}
